
@IEEEtranBSTCTL{IEEEexample:BSTcontrol,
CTLdash_repeated_names= "no",
}




%----------------------------------------------------------------------------------------
%	CHAPTER 1, GENERATION, TRANSMISSION AND DISTRIBUTION SYSTEM IMAGE
%----------------------------------------------------------------------------------------


@TECHREPORT{nerc_grid_concept,
  AUTHOR =        {{North American Electric Reliability Corporation}},
  TITLE =         {Understanding the Grid},
  INSTITUTION =   {North American Electric Reliability Corporation},
  ADDRESS =       {Atlanta, GA 30326 United States},
  KEYWORDS =      {reliability, grid, accountability},
  MONTH =         {August},
  YEAR  =         {2013},
  PAGES =         {2},
  URL   =         {https://www.nerc.com/AboutNERC/Documents/Understanding%20the%20Grid%20AUG13.pdf}
}



@misc{kowarschick_english_2012,
  title = {English:  {{A}} Normal Distribution Graph Visualizing the Values 1{$\sigma$}, 2{$\sigma$} and 3{$\sigma$}; Especially the 68\textendash 95\textendash 99.7 Rule.},
  shorttitle = {English},
  author = {Kowarschick, Wolfgang},
  year = {2012},
  month = oct,
  url = {https://commons.wikimedia.org/wiki/File:Normal_Distribution_Sigma.svg},
  keywords = {⛔ No INSPIRE recid found},
  file = {G\:\\My Drive\\Zotero_files\\storage\\AVUJPX7Q\\FileNormal_Distribution_Sigma.html}
}


@article{clements_systemic_2018,
  title = {Systemic Modelling and Integrated Assessment of Asset Management Strategies and Staff Constraints on Distribution Network Reliability},
  author = {Clements, David and Mancarella, Pierluigi},
  year = {2018},
  journal = {Electric power systems research},
  volume = {155},
  pages = {164--171},
  publisher = {{Elsevier}},
  URL =  {https://doi.org/10.1016/j.epsr.2017.09.029},
  keywords = {⛔ No INSPIRE recid found},
  file = {G\:\\My Drive\\Zotero_files\\storage\\I9SPD7ZK\\Clements and Mancarella - 2018 - Systemic modelling and integrated assessment of as.pdf}
}


@book{li1994reliability,
  title={Reliability assessment of electric power systems using Monte Carlo methods},
  author={Li, Wenyuan and and Billinton, Roy},
  year={1994},
  publisher={Springer Science \& Business Media},
  isbn = {978-1-4899-1348-7},
  url = {https://doi.org/10.1007/978-1-4899-1346-3},
  langid = {english},
  address = {{New York}}
}


%----------------------------------------------------------------------------------------
%	END OF FILE
%----------------------------------------------------------------------------------------